<?xml version="1.0" encoding="UTF-8"?><record xmlns="http://www.loc.gov/MARC21/slim" xmlns:cinclude="http://apache.org/cocoon/include/1.0" xmlns:zs="http://www.loc.gov/zing/srw/">
  <leader>00436nz  a2200133n  4500</leader>
  <controlfield tag="001">no2005111458</controlfield>
  <controlfield tag="003">DLC</controlfield>
  <controlfield tag="005">20051125071005.0</controlfield>
  <controlfield tag="008">051124n| acannaabn          |n aaa     c</controlfield>
  <datafield tag="010" ind1=" " ind2=" ">
    <subfield code="a">no2005111458</subfield>
  </datafield>
  <datafield tag="035" ind1=" " ind2=" ">
    <subfield code="a">(OCoLC)oca06790447</subfield>
  </datafield>
  <datafield tag="040" ind1=" " ind2=" ">
    <subfield code="a">MXMxUNAM</subfield>
    <subfield code="b">eng</subfield>
    <subfield code="c">MXMxUNAM</subfield>
  </datafield>
  <datafield tag="100" ind1="1" ind2=" ">
    <subfield code="a">Bracho, Javier</subfield>
  </datafield>
  <datafield tag="670" ind1=" " ind2=" ">
    <subfield code="a">En que휍혖 espacio vivimos?, 2003:</subfield>
    <subfield code="b">t. p. (Javier Bracho) cover (Javier Bracho es investigador del Instituto de Matema휍혖ticas de la UNAM)</subfield>
  </datafield>
</record>